<?xml version="1.0" encoding="UTF-8"?><collection xmlns="http://www.loc.gov/MARC21/slim"><record><leader>00436nam--2200133-i-4500</leader><controlfield tag="001">000024235</controlfield><controlfield tag="002">20161230</controlfield><controlfield tag="005">20161230201035</controlfield><controlfield tag="008">060222s1000------------r-----000-0-eng-d</controlfield><datafield ind1=" " ind2=" " tag="080"><subfield code="a">621.039.543:536.7(043)</subfield></datafield><datafield ind1=" " ind2=" " tag="100"><subfield code="a">Jean-Baptiste, Philippe</subfield></datafield><datafield ind1=" " ind2=" " tag="245"><subfield code="a">Etude de la redistribution des cation dans les oxydes mixtes (uce)o2 et (upu)o2 sous gradient thermique. these</subfield></datafield><datafield ind1=" " ind2=" " tag="260"><subfield code="a">Orsay, Universite De Paris-sud, 1981, 156p</subfield></datafield><datafield ind1=" " ind2=" " tag="852"><subfield code="a">71076</subfield></datafield></record></collection>